@inproceedings{hermocilla-p2c-ncite2014,
  author = {Joseph Anthony C. Hermocilla},
  title = {P2C: Towards Scientific Computing on Private Clouds},
  booktitle = {Proceedings of the 12th National Conference on IT Education
(NCITE 2014)},
  year = 2014,
  month = oct,
  publisher = {Philippine Society of Information Technology Educators},
  pages = {163-168},
  pdf = {hermocilla-ncite2014-p2c.pdf}
}

@article{walker_benchmarking_2008,
	title = {Benchmarking {Amazon} {EC}2 for high-performance scientific computing},
	volume = {33},
	url = {https://www.usenix.org/legacy/publications/login/2008-10/openpdfs/walker.pdf},
	number = {5},
	urldate = {2014-05-24},
	journal = {;Login},
	author = {Walker, Edward},
	month = oct,
	year = {2008},
}
